<?xml version="1.0" encoding="utf-8"?>
<record xmlns="http://www.loc.gov/MARC21/slim" xmlns:xsi="http://www.w3.org/2001/XMLSchema-instance" xsi:schemaLocation="http://www.loc.gov/MARC21/slim http://www.loc.gov/standards/marcxml/schema/MARC21slim.xsd">
	<leader>     nam a22     Mi 4500</leader>
	<controlfield tag="001">b1245395x</controlfield>
	<controlfield tag="003">LeBAU</controlfield>
	<controlfield tag="006">m        d        </controlfield>
	<controlfield tag="007">cr cn |||m|||a</controlfield>
	<controlfield tag="008">210713s1955    le      ob    ||1 0 ara d</controlfield>
	<datafield ind1=" " ind2=" " tag="040">
		<subfield code="a">ZYU</subfield>
		<subfield code="b">ara</subfield>
		<subfield code="e">rda</subfield>
		<subfield code="c">ZYU</subfield>
	</datafield>
	<datafield ind1=" " ind2=" " tag="043">
		<subfield code="a">aw-----</subfield>
	</datafield>
	<datafield ind1="0" ind2="4" tag="082">
		<subfield code="a">370.1</subfield>
		<subfield code="2">23</subfield>
	</datafield>
	<datafield ind1="1" ind2=" " tag="100">
		<subfield code="6">880-01</subfield>
		<subfield code="a">Shahlā, Jūrj.</subfield>
		<subfield code="e">author.</subfield>
		<subfield code="0">https://lccn.loc.gov/nr90017105 ,</subfield>
	</datafield>
	<datafield ind1="1" ind2="3" tag="245">
		<subfield code="6">880-02</subfield>
		<subfield code="a">al-Waʻy al-tarbawī wa-mustaqbal al-bilād al-ʻArabīyah /</subfield>
		<subfield code="c">taʼlīf Jūrj Shahlā, ustādh fī al-ʻulūm, Bayrūt; ustādh fī al-ʻulūm, Landan, aḥad asātidhat al-tarbiyah fī al-Jāmiʻah al-Amīrkīyah fī Bayrūt, ʻAbd al-Samīʻ Ḥurbulī, ustādh fī al-ʻulūm, Bayrūt; wa-duktūrāh fī al-tarbiyah, Niyū Yūrk, akhiṣṣāʼī bi-barnāmaj al-tarbiyah fī al-Yūniskū, Bārīs, Almās Shahlā Ḥanānīyah, bakalūryūs fī al-ʻulūm, Bayrūt; wa-shahādah wa-diblūm fī al-tarbiyah, Landan.</subfield>
	</datafield>
	<datafield ind1=" " ind2=" " tag="250">
		<subfield code="6">880-03</subfield>
		<subfield code="a">al-Ṭabʻah al-ūlá.</subfield>
	</datafield>
	<datafield ind1=" " ind2="1" tag="264">
		<subfield code="6">880-04</subfield>
		<subfield code="a">Bayrūt :</subfield>
		<subfield code="b">[Jūrj Shahlā, ʻAbd al-Samīʻ Ḥurbulī, Almās Shahlā Ḥanānīyah],</subfield>
		<subfield code="c">1955.</subfield>
	</datafield>
	<datafield ind1=" " ind2=" " tag="300">
		<subfield code="6">880-05</subfield>
		<subfield code="a">online resource (590 pages)</subfield>
	</datafield>
	<datafield ind1=" " ind2=" " tag="336">
		<subfield code="a">text</subfield>
		<subfield code="2">rdacontent</subfield>
	</datafield>
	<datafield ind1=" " ind2=" " tag="337">
		<subfield code="a">computer</subfield>
		<subfield code="2">rdamedia</subfield>
	</datafield>
	<datafield ind1=" " ind2=" " tag="338">
		<subfield code="a">online resource</subfield>
		<subfield code="2">rdacarrier</subfield>
	</datafield>
	<datafield ind1=" " ind2=" " tag="500">
		<subfield code="a">Part of the Arabic Collections Online (ACO) project, contributed by American University of Beirut's Jafet Memorial Library.</subfield>
	</datafield>
	<datafield ind1=" " ind2=" " tag="533">
		<subfield code="a">Electronic reproduction.</subfield>
		<subfield code="b">New York, N.Y. :</subfield>
		<subfield code="c">New York University,</subfield>
		<subfield code="d">2021.</subfield>
		<subfield code="5">NNU</subfield>
	</datafield>
	<datafield ind1=" " ind2="0" tag="650">
		<subfield code="6">880-06</subfield>
		<subfield code="a">Education</subfield>
		<subfield code="z">Arab countries.</subfield>
	</datafield>
	<datafield ind1=" " ind2="0" tag="650">
		<subfield code="6">880-07</subfield>
		<subfield code="a">Education</subfield>
		<subfield code="x">Philosophy.</subfield>
	</datafield>
	<datafield ind1="1" ind2=" " tag="700">
		<subfield code="6">880-08</subfield>
		<subfield code="a">Ḥurbulī, ʻAbd al-Samīʻ.</subfield>
		<subfield code="e">author.</subfield>
		<subfield code="0">https://lccn.loc.gov/nr94029047 ,</subfield>
	</datafield>
	<datafield ind1="1" ind2=" " tag="700">
		<subfield code="6">880-09</subfield>
		<subfield code="a">Ḥanānīyah, Almās Shahlā.</subfield>
		<subfield code="e">author.</subfield>
		<subfield code="0">https://lccn.loc.gov/nr94028698 ,</subfield>
	</datafield>
	<datafield ind1="2" ind2=" " tag="710">
		<subfield code="a">Jafet Memorial Library.</subfield>
	</datafield>
	<datafield ind1="0" ind2=" " tag="730">
		<subfield code="a">Arabic Collections Online.</subfield>
	</datafield>
	<datafield ind1="0" ind2="8" tag="775">
		<subfield code="6">880-10</subfield>
		<subfield code="i">is revised as</subfield>
		<subfield code="4">http://rdaregistry.info/Elements/e/P20211 :</subfield>
		<subfield code="a">Shahlā, Jūrj.</subfield>
		<subfield code="t">Waʻy al-tarbawī wa-mustaqbal al-bilād al-ʻArabīyah.</subfield>
		<subfield code="b">al-Ṭabʻah al-rābiʻah, mazīdah wa-munaqqaḥah.</subfield>
		<subfield code="d">Bayrūt : Dār al-ʻIlm lil-Malāyīn, 1978</subfield>
		<subfield code="w">(OCoLC)784324094</subfield>
		<subfield code="w">(OCoLC)784324094</subfield>
	</datafield>
	<datafield ind1="0" ind2="8" tag="776">
		<subfield code="i">Print version:</subfield>
		<subfield code="a">Shahlā, Jūrj. author. https://lccn.loc.gov/nr90017105 ,</subfield>
		<subfield code="t">al-Waʻy al-tarbawī wa-mustaqbal al-bilād al-ʻArabīyah</subfield>
		<subfield code="w">(LeBAU)b1245395x</subfield>
	</datafield>
	<datafield ind1="4" ind2="0" tag="856">
		<subfield code="u">http://hdl.handle.net/2333.1/2ngf2606</subfield>
	</datafield>
	<datafield ind1="1" ind2=" " tag="880">
		<subfield code="6">100-01</subfield>
		<subfield code="a">شهلا، جورج،</subfield>
		<subfield code="0">https://lccn.loc.gov/nr90017105 ,</subfield>
		<subfield code="e">مؤلف.</subfield>
		<subfield code="4">aut.</subfield>
	</datafield>
	<datafield ind1="1" ind2="2" tag="880">
		<subfield code="6">245-02</subfield>
		<subfield code="a">الوعي التربوي ومستقبل البلاد العربية /</subfield>
		<subfield code="c">تأليف جورج شهلا، أستاذ في العلوم، بيروت؛ أستاذ في العلوم، لندن، أحد أساتذة التربية في الجامعة الأميركية في بيروت، عبد السميع حربلي، أستاذ في العلوم، بيروت؛ ودكتوراه في التربية، نيويورك، اخصائي ببرنامج التربية في اليونسكو، باريس، ألماس شهلا حنانيا، بكالوريوس في العلوم، بيروت؛ وشهاده ودبلوم في التربية، لندن.</subfield>
	</datafield>
	<datafield ind1=" " ind2=" " tag="880">
		<subfield code="6">250-03</subfield>
		<subfield code="a">الطبعة الأولى.</subfield>
	</datafield>
	<datafield ind1=" " ind2="1" tag="880">
		<subfield code="6">264-04</subfield>
		<subfield code="a">بيروت :</subfield>
		<subfield code="b">[شهلا، جورج، عبد السميع حربلي، ألماس شهلا حنانيا]،</subfield>
		<subfield code="c">1955.</subfield>
	</datafield>
	<datafield ind1=" " ind2=" " tag="880">
		<subfield code="6">300-05</subfield>
		<subfield code="a">590 صفحة ؛</subfield>
		<subfield code="c">25 سم</subfield>
	</datafield>
	<datafield ind1=" " ind2=" " tag="880">
		<subfield code="6">504-00</subfield>
		<subfield code="a">يتضمن مراجع ببليوغرافية (صفحات 570-577) وكشاف.</subfield>
	</datafield>
	<datafield ind1=" " ind2="4" tag="880">
		<subfield code="6">650-06</subfield>
		<subfield code="a">التربية</subfield>
		<subfield code="z">البلدان العربية.</subfield>
	</datafield>
	<datafield ind1=" " ind2="4" tag="880">
		<subfield code="6">650-07</subfield>
		<subfield code="a">التربية</subfield>
		<subfield code="x">فلسفة.</subfield>
	</datafield>
	<datafield ind1="1" ind2=" " tag="880">
		<subfield code="6">700-08</subfield>
		<subfield code="a">حربلي، عبد السميع،</subfield>
		<subfield code="0">https://lccn.loc.gov/nr94029047 ,</subfield>
		<subfield code="e">مؤلف.</subfield>
		<subfield code="4">aut.</subfield>
	</datafield>
	<datafield ind1="1" ind2=" " tag="880">
		<subfield code="6">700-09</subfield>
		<subfield code="a">شهلا حنانيا، ألماس،</subfield>
		<subfield code="0">https://lccn.loc.gov/nr94028698 ,</subfield>
		<subfield code="e">مؤلف.</subfield>
		<subfield code="4">aut.</subfield>
	</datafield>
	<datafield ind1="0" ind2="8" tag="880">
		<subfield code="6">775-10</subfield>
		<subfield code="i">منقحة</subfield>
		<subfield code="4">http://rdaregistry.info/Elements/e/P20211 :</subfield>
		<subfield code="a">شهلا، جورج.</subfield>
		<subfield code="t">الوعي التربوي ومستقبل البلاد العربية.</subfield>
		<subfield code="b">الطبعة الرابعة، مزيدة ومنقحة.</subfield>
		<subfield code="d">بيروت : دار العلم للملايين، 1978</subfield>
		<subfield code="w">(LEAUB)b12453948</subfield>
		<subfield code="w">(OCoLC)784324094</subfield>
	</datafield>
	<datafield ind1=" " ind2=" " tag="959">
		<subfield code="a">NNU</subfield>
		<subfield code="b">WEB</subfield>
		<subfield code="c">GENI</subfield>
		<subfield code="t">0</subfield>
		<subfield code="m">Electronic access</subfield>
		<subfield code="s">01</subfield>
	</datafield>
	<datafield ind1=" " ind2=" " tag="999">
		<subfield code="i">LeBAU_b1245395x</subfield>
		<subfield code="s">aub_aco004123</subfield>
		<subfield code="e">(ERROR-MISC)</subfield>
		<subfield code="s">aub_aco004123</subfield>
	</datafield>
</record>
